@article{PAPER:1,
  author          = {Gervais, Daniel},
  journal         = {GRUR International},
  number          = {2},
  title           = {Is Intellectual Property Law Ready for Artificial Intelligence?},
  volume          = {69},
  year            = {2020}, 
  pages = {},
  numpages = {},
}, 
@article{PAPER:2,
  author          = {Montal, Tai and Reich, Zvi},
  journal         = {Digital Journalism},
  number          = {7},
  title           = {I, Robot. You, Journalist. Who is the Author?: Authorship, bylines and full disclosure in automated journalism},
  volume          = {5},
  year            = {2017},
  pages = {},
  numpages = {},
},
@article{PAPER:3,
  author          = {Pavlik, John},
  journal         = {Journalism \& Mass Communication Educator},
  number          = {1},
  title           = {Collaborating With ChatGPT: Considering the Implications of Generative Artificial Intelligence for Journalism and Media Education},
  volume          = {78},
  year            = {2023}, 
  pages = {},
  numpages = {},
}, 
@article{PAPER:4,
  author          = {Saputra, Rian and Tiolince, Tiara and Iswantoro and Sigh, Sanju Kumar},
  journal         = {GRUR International},
  number          = {2},
  title           = {Artificial Intelligence and Intellectual Property Protection in Indonesia and Japan},
  volume          = {69},
  year            = {2020}, 
  pages = {},
  numpages = {},
},
@article{PAPER:5,
  author          = {Somaya, Deepak and Varshney, Lav R.},
  journal         = {Proceedings of the 2018 AAAI/ACM Conference on AI, Ethics, and Society},
  number          = {1},
  title           = {Embodiment, Anthropomorphism, and Intellectual Property Rights for AI Creations},
  volume          = {1},
  year            = {2018}, 
  pages = {278--283},
  numpages = {},
},
@article{PAPER:6,
  author          = {Lund, Brady D. and Mannuru, Nishith Reddy and Wang, Ting and Nie, Bing and Shimray, Somipam and Wang, Ziang},
  journal         = {Journal of the Association for Information Science and Technology},
  number          = {5},
  title           = {ChatGPT and a new academic reality: Artificial Intelligence-written research papers and the ethics of the large language models in scholarly publishing},
  volume          = {74},
  year            = {2023}, 
  pages = {570--581},
  numpages = {},
},
@article{PAPER:7,
  author          = {Dehouche, Nassim},
  journal         = {Ethics in Science and Environmental Politics},
  number          = {},
  title           = {Plagiarism in the age of massive Generative Pre-trained Transformers (GPT-3)},
  volume          = {21},
  year            = {2021}, 
  pages = {},
  numpages = {},
},
@article{PAPER:8,
  author          = {Zhong, Haonan and Chang, Jiamin and Yang, Ziyue and Wu, Tingman and Arachchige, Pathum Chamikara Mahawaga and Pathmabandu, Chehara and Xue, Minhui},
  journal         = {Companion Proceedings of the ACM Web Conference 2023},
  number          = {1},
  title           = {Copyright Protection and Accountability of Generative AI: Attack, Watermarking and Attribution},
  volume          = {1},
  year            = {2023}, 
  pages = {94--98},
  numpages = {},
},
@article{PAPER:9,
  author          = {Eke, Damian Okaibedi},
  journal         = {Journal of Responsible Technology},
  number          = {},
  title           = {ChatGPT and the rise of generative AI: Threat to academic integrity?},
  volume          = {13},
  year            = {2023}, 
  pages = {},
  numpages = {},
},
@article{PAPER:10,
  author          = {Strowel, Alain},
  journal         = {IIC - International Review of Intellectual Property and Competition Law},
  number          = {4},
  title           = {ChatGPT and Generative AI Tools: Theft of Intellectual Labor?},
  volume          = {54},
  year            = {2023}, 
  pages = {},
  numpages = {},
}, 
@article{PAPER:11,
  author          = {Avrahami, Omri and Tamir, Bar},
  journal         = {},
  number          = {},
  title           = {Ownership and Creativity in Generative Models},
  volume          = {},
  year            = {2021}, 
  pages = {},
  numpages = {},
}